%related work
@article{teoh2019power,
  title={The power of social media for HPV vaccination--not fake news!},
  author={Teoh, Deanna},
  journal={American Society of Clinical Oncology Educational Book},
  volume={39},
  pages={75--78},
  year={2019},
  publisher={American Society of Clinical Oncology Alexandria, VA}
}
@article{qi2016misinformation,
  title={Misinformation is prevalent in psoriasis-related YouTube videos},
  author={Qi, Jiangwei and Trang, T and Doong, J and Kang, S and Chien, Anna L},
  journal={Dermatology online journal},
  volume={22},
  number={11},
  year={2016}
}

@article{swire2019public,
  title={Public health and online misinformation: challenges and recommendations.},
  author={Swire-Thompson, Briony and Lazer, David},
  journal={Annual Review of Public Health},
  volume={41},
  pages={433--451},
  year={2019}
}
@misc{southwell2015prevalence,
  title={The prevalence, consequence, and remedy of misinformation in mass media systems},
  author={Southwell, Brian G and Thorson, Emily A},
  journal={Journal of Communication},
  volume={65},
  number={4},
  pages={589--595},
  year={2015},
  publisher={Oxford University Press}
}

@article{difonzo2012rumors,
  title={Rumors about cancer: Content, sources, coping, transmission, and belief},
  author={DiFonzo, Nicholas and Robinson, Nicole M and Suls, Jerry M and Rini, Christine},
  journal={Journal of health communication},
  volume={17},
  number={9},
  pages={1099--1115},
  year={2012},
  publisher={Taylor \& Francis}
}

@article{ecker2014effects,
  title={The effects of subtle misinformation in news headlines.},
  author={Ecker, Ullrich KH and Lewandowsky, Stephan and Chang, Ee Pin and Pillai, Rekha},
  journal={Journal of experimental psychology: applied},
  volume={20},
  number={4},
  pages={323},
  year={2014},
  publisher={American Psychological Association}
}

@article{al2018drug,
  title={Drug information, misinformation, and disinformation on social media: a content analysis study},
  author={Al Khaja, Khalid AJ and AlKhaja, Alwaleed K and Sequeira, Reginald P},
  journal={Journal of public health policy},
  volume={39},
  number={3},
  pages={343--357},
  year={2018},
  publisher={Springer}
}

@article{lewandowsky2012misinformation,
  title={Misinformation and its correction: Continued influence and successful debiasing},
  author={Lewandowsky, Stephan and Ecker, Ullrich KH and Seifert, Colleen M and Schwarz, Norbert and Cook, John},
  journal={Psychological science in the public interest},
  volume={13},
  number={3},
  pages={106--131},
  year={2012},
  publisher={Sage Publications Sage CA: Los Angeles, CA}
}

@article{walter2018unring,
  title={How to unring the bell: A meta-analytic approach to correction of misinformation},
  author={Walter, Nathan and Murphy, Sheila T},
  journal={Communication Monographs},
  volume={85},
  number={3},
  pages={423--441},
  year={2018},
  publisher={Taylor \& Francis}
}

@article{walter2020meta,
  title={A meta-analytic examination of the continued influence of misinformation in the face of correction: How powerful is it, why does it happen, and how to stop it?},
  author={Walter, Nathan and Tukachinsky, Riva},
  journal={Communication research},
  volume={47},
  number={2},
  pages={155--177},
  year={2020},
  publisher={Sage Publications Sage CA: Los Angeles, CA}
}

@article{porter2021global,
  title={The global effectiveness of fact-checking: Evidence from simultaneous experiments in Argentina, Nigeria, South Africa, and the United Kingdom},
  author={Porter, Ethan and Wood, Thomas J},
  journal={Proceedings of the National Academy of Sciences},
  volume={118},
  number={37},
  year={2021},
  publisher={National Acad Sciences}
}
@article{brandtzaeg2017trust,
  title={Trust and distrust in online fact-checking services},
  author={Brandtzaeg, Petter Bae and F{\o}lstad, Asbj{\o}rn},
  journal={Communications of the ACM},
  volume={60},
  number={9},
  pages={65--71},
  year={2017},
  publisher={ACM New York, NY, USA}
}

@inproceedings{pal2019communicating,
  title={Communicating Fact to Combat Fake: Analysis of Fact-Checking Websites},
  author={Pal, Anjan and Loke, Cliff},
  booktitle={Proceedings of the 2019 International Conference on Information Technology and Computer Communications},
  pages={66--73},
  year={2019}
}

@article{bode2018see,
  title={See something, say something: Correction of global health misinformation on social media},
  author={Bode, Leticia and Vraga, Emily K},
  journal={Health communication},
  volume={33},
  number={9},
  pages={1131--1140},
  year={2018},
  publisher={Taylor \& Francis}
}

@article{lee2020effects,
  title={Effects of current and enhanced tobacco corrective messages on smokers’ intention to quit smoking and intention to purchase cigarettes},
  author={Lee, Stella J and Sanders-Jackson, Ashley and Tan, Andy SL},
  journal={Nicotine and Tobacco Research},
  volume={22},
  number={4},
  pages={569--575},
  year={2020},
  publisher={Oxford University Press US}
}

@article{walwema2021health,
  title={The WHO health alert: Communicating a global pandemic with WhatsApp},
  author={Walwema, Josephine},
  journal={Journal of Business and Technical Communication},
  volume={35},
  number={1},
  pages={35--40},
  year={2021},
  publisher={SAGE Publications Sage CA: Los Angeles, CA}
}

@article{rodsawang2020designing,
  title={Designing a competent chatbot to counter the COVID-19 pandemic and empower risk communication in an emergency response system},
  author={Rodsawang, Chonnatee and Thongkliang, Pongsutee and Intawong, Theeraporn and Sonong, Apisit and Thitiwatthana, Yosita and Chottanapund, Suthat},
  journal={OSIR Journal},
  volume={13},
  number={2},
  year={2020}
}

@inproceedings{roque2021botcovid,
  title={BotCovid: Development and Evaluation of a Chatbot to Combat Misinformation about COVID-19 in Brazil},
  author={Roque, Geicianfran and Cavalcanti, Andreia and Nascimento, Jos{\'e} and Souza, Rafael and Queiroz, Sergio},
  booktitle={2021 IEEE International Conference on Systems, Man, and Cybernetics (SMC)},
  pages={2506--2511},
  year={2021},
  organization={IEEE}
}

@article{siedlikowski2021chloe,
  title={Chloe for COVID-19: Evolution of an Intelligent Conversational Agent to Address Infodemic Management Needs During the COVID-19 Pandemic},
  author={Siedlikowski, Sophia and No{\"e}l, Louis-Philippe and Moynihan, Stephanie Anne and Robin, Marc and others},
  journal={Journal of Medical Internet Research},
  volume={23},
  number={9},
  pages={e27283},
  year={2021},
  publisher={JMIR Publications Inc., Toronto, Canada}
}

@article{altay2021information,
  title={Information delivered by a chatbot has a positive impact on COVID-19 vaccines attitudes and intentions.},
  author={Altay, Sacha and Hacquin, Anne-Sophie and Chevallier, Coralie and Mercier, Hugo},
  journal={Journal of Experimental Psychology: Applied},
  year={2021},
  publisher={American Psychological Association}
}
@article{almalki2020health,
  title={Health Chatbots for Fighting COVID-19: a scoping review},
  author={Almalki, Manal and Azeez, Fahad},
  journal={Acta Informatica Medica},
  volume={28},
  number={4},
  pages={241},
  year={2020},
  publisher={The Academy of Medical Sciences of Bosnia and Herzegovina}
}

@article{garrett2013undermining,
  title={Undermining the corrective effects of media-based political fact checking? The role of contextual cues and na{\"\i}ve theory},
  author={Garrett, R Kelly and Nisbet, Erik C and Lynch, Emily K},
  journal={Journal of Communication},
  volume={63},
  number={4},
  pages={617--637},
  year={2013},
  publisher={Oxford University Press}
}

@article{mondak1993public,
  title={Public opinion and heuristic processing of source cues},
  author={Mondak, Jeffery J},
  journal={Political behavior},
  volume={15},
  number={2},
  pages={167--192},
  year={1993},
  publisher={Springer}
}

@article{kahan2010fears,
  title={Who fears the HPV vaccine, who doesn’t, and why? An experimental study of the mechanisms of cultural cognition},
  author={Kahan, Dan M and Braman, Donald and Cohen, Geoffrey L and Gastil, John and Slovic, Paul},
  journal={Law and human behavior},
  volume={34},
  number={6},
  pages={501--516},
  year={2010},
  publisher={Springer}
}

@article{vraga2017using,
  title={Using expert sources to correct health misinformation in social media},
  author={Vraga, Emily K and Bode, Leticia},
  journal={Science Communication},
  volume={39},
  number={5},
  pages={621--645},
  year={2017},
  publisher={SAGE Publications Sage CA: Los Angeles, CA}
}

@article{austin1994source,
  title={Source v. content effects on judgments of news believability},
  author={Austin, Erica Weintraub and Dong, Qingwen},
  journal={Journalism quarterly},
  volume={71},
  number={4},
  pages={973--983},
  year={1994},
  publisher={SAGE Publications Sage CA: Los Angeles, CA}
}
@article{wang2021debunking,
  title={Debunking Misinformation About Genetically Modified Food Safety on Social Media: Can Heuristic Cues Mitigate Biased Assimilation?},
  author={Wang, Yuan},
  journal={Science Communication},
  volume={43},
  number={4},
  pages={460--485},
  year={2021},
  publisher={SAGE Publications Sage CA: Los Angeles, CA}
}
@article{bautista2021healthcare,
  title={Healthcare professionals’ acts of correcting health misinformation on social media},
  author={Bautista, John Robert and Zhang, Yan and Gwizdka, Jacek},
  journal={International Journal of Medical Informatics},
  volume={148},
  pages={104375},
  year={2021},
  publisher={Elsevier}
}
@book{sundar2008main,
  title={The MAIN model: A heuristic approach to understanding technology effects on credibility},
  author={Sundar, S Shyam},
  year={2008},
  publisher={MacArthur Foundation Digital Media and Learning Initiative Cambridge, MA}
}
@inproceedings{fiore2019forgot,
  title={" Forgot your password again?" acceptance and user experience of a chatbot for in-company IT support},
  author={Fiore, Dario and Baldauf, Matthias and Thiel, Christian},
  booktitle={Proceedings of the 18th International Conference on Mobile and Ubiquitous Multimedia},
  pages={1--11},
  year={2019}
}

@article{nguyen2019potential,
  title={Potential effects of chatbot technology on customer support: A case study},
  author={Nguyen, Tung and others},
  year={2019}
}

@inproceedings{huang2018chatbot,
  title={A chatbot-supported smart wireless interactive healthcare system for weight control and health promotion},
  author={Huang, Chin-Yuan and Yang, Ming-Chin and Huang, Chin-Yu and Chen, Yu-Jui and Wu, Meng-Lin and Chen, Kai-Wen},
  booktitle={2018 IEEE international conference on industrial engineering and engineering management (IEEM)},
  pages={1791--1795},
  year={2018},
  organization={IEEE}
}

@inproceedings{brixey2017shihbot,
  title={Shihbot: A facebook chatbot for sexual health information on hiv/aids},
  author={Brixey, Jacqueline and Hoegen, Rens and Lan, Wei and Rusow, Joshua and Singla, Karan and Yin, Xusen and Artstein, Ron and Leuski, Anton},
  booktitle={Proceedings of the 18th annual SIGdial meeting on discourse and dialogue},
  pages={370--373},
  year={2017}
}

@inproceedings{hien2018intelligent,
  title={Intelligent assistants in higher-education environments: the FIT-EBot, a chatbot for administrative and learning support},
  author={Hien, Ho Thao and Cuong, Pham-Nguyen and Nam, Le Nguyen Hoai and Nhung, Ho Le Thi Kim and Thang, Le Dinh},
  booktitle={Proceedings of the ninth international symposium on information and communication technology},
  pages={69--76},
  year={2018}
}

@inproceedings{kasthuri2021chatbot,
  title={A Chatbot for Changing Lifestyle in Education},
  author={Kasthuri, E and Balaji, S},
  booktitle={2021 Third International Conference on Intelligent Communication Technologies and Virtual Mobile Networks (ICICV)},
  pages={1317--1322},
  year={2021},
  organization={IEEE}
}

@article{gupta2021dialfact,
  title={DialFact: A Benchmark for Fact-Checking in Dialogue},
  author={Gupta, Prakhar and Wu, Chien-Sheng and Liu, Wenhao and Xiong, Caiming},
  journal={arXiv preprint arXiv:2110.08222},
  year={2021}
}

@article{kotonya2020explainable,
  title={Explainable automated fact-checking for public health claims},
  author={Kotonya, Neema and Toni, Francesca},
  journal={arXiv preprint arXiv:2010.09926},
  year={2020}
}

@article{edgerly2017seeking,
  title={Seeking out and avoiding the news media: Young adults’ proposed strategies for obtaining current events information},
  author={Edgerly, Stephanie},
  journal={Mass Communication and Society},
  volume={20},
  number={3},
  pages={358--377},
  year={2017},
  publisher={Taylor \& Francis}
}

@article{brachten2020ability,
  title={On the ability of virtual agents to decrease cognitive load: an experimental study},
  author={Brachten, Florian and Br{\"u}nker, Felix and Frick, Nicholas RJ and Ross, Bj{\"o}rn and Stieglitz, Stefan},
  journal={Information Systems and e-Business Management},
  volume={18},
  number={2},
  pages={187--207},
  year={2020},
  publisher={Springer}
}

@article{han2022faq,
  title={FAQ chatbot and inclusive learning in massive open online courses},
  author={Han, Songhee and Lee, Min Kyung},
  journal={Computers \& Education},
  volume={179},
  pages={104395},
  year={2022},
  publisher={Elsevier}
}

@article{nguyen2022user,
  title={User interactions with chatbot interfaces vs. Menu-based interfaces: An empirical study},
  author={Nguyen, Quynh N and Sidorova, Anna and Torres, Russell},
  journal={Computers in Human Behavior},
  volume={128},
  pages={107093},
  year={2022},
  publisher={Elsevier}
}

@article{harper2009toward,
  title={Toward a definition of visual complexity as an implicit measure of cognitive load},
  author={Harper, Simon and Michailidou, Eleni and Stevens, Robert},
  journal={ACM Transactions on Applied Perception (TAP)},
  volume={6},
  number={2},
  pages={1--18},
  year={2009},
  publisher={ACM New York, NY, USA}
}

@article{chaiken1980heuristic,
  title={Heuristic versus systematic information processing and the use of source versus message cues in persuasion.},
  author={Chaiken, Shelly},
  journal={Journal of personality and social psychology},
  volume={39},
  number={5},
  pages={752},
  year={1980},
  publisher={American Psychological Association}
}

@article{ischen2020here,
  title={“I Am Here to Assist You Today”: The Role of Entity, Interactivity and Experiential Perceptions in Chatbot Persuasion},
  author={Ischen, Carolin and Araujo, Theo and van Noort, Guda and Voorveld, Hilde and Smit, Edith},
  journal={Journal of Broadcasting \& Electronic Media},
  volume={64},
  number={4},
  pages={615--639},
  year={2020},
  publisher={Taylor \& Francis}
}

@article{shin2022people,
  title={How do people judge the credibility of algorithmic sources?},
  author={Shin, Donghee},
  journal={Ai \& Society},
  volume={37},
  number={1},
  pages={81--96},
  year={2022},
  publisher={Springer}
}

@article{noar2020does,
  title={Does perceived message effectiveness predict the actual effectiveness of tobacco education messages? A systematic review and meta-analysis},
  author={Noar, Seth M and Barker, Joshua and Bell, Trevor and Yzer, Marco},
  journal={Health communication},
  volume={35},
  number={2},
  pages={148--157},
  year={2020},
  publisher={Taylor \& Francis}
}
@article{noar2010assessing,
  title={Assessing the relationship between perceived message sensation value and perceived message effectiveness: Analysis of PSAs from an effective campaign},
  author={Noar, Seth M and Palmgreen, Philip and Zimmerman, Rick S and Lustria, Mia Liza A and Lu, Hung-Yi},
  journal={Communication Studies},
  volume={61},
  number={1},
  pages={21--45},
  year={2010},
  publisher={Taylor \& Francis}
}
% =========================================
% =============== method ==================
@article{dillard2007does,
  title={Does perceived message effectiveness cause persuasion or vice versa? 17 consistent answers},
  author={Dillard, James Price and Shen, Lijiang and Vail, Renata Grillova},
  journal={Human Communication Research},
  volume={33},
  number={4},
  pages={467--488},
  year={2007},
  publisher={Oxford University Press Oxford, UK}
}
% 
@article{harkness2004survey,
  title={Survey questionnaire translation and assessment},
  author={Harkness, Janet and Pennell, Beth-Ellen and Schoua-Glusberg, Alis{\'u}},
  journal={Methods for testing and evaluating survey questionnaires},
  pages={453--473},
  year={2004},
  publisher={Wiley Online Library}
}

@article{ecker2015he,
  title={He did it! She did it! No, she did not! Multiple causal explanations and the continued influence of misinformation},
  author={Ecker, Ullrich KH and Lewandowsky, Stephan and Cheung, Candy SC and Maybery, Murray T},
  journal={Journal of Memory and Language},
  volume={85},
  pages={101--115},
  year={2015},
  publisher={Elsevier}
}

@article{walter2021unchecked,
  title={Unchecked vs. uncheckable: How opinion-based claims can impede corrections of misinformation},
  author={Walter, Nathan and Salovich, Nikita A},
  journal={Mass Communication and Society},
  volume={24},
  number={4},
  pages={500--526},
  year={2021},
  publisher={Taylor \& Francis}
}

@article{amazeen2018correcting,
  title={Correcting political and consumer misperceptions: The effectiveness and effects of rating scale versus contextual correction formats},
  author={Amazeen, Michelle A and Thorson, Emily and Muddiman, Ashley and Graves, Lucas},
  journal={Journalism \& Mass Communication Quarterly},
  volume={95},
  number={1},
  pages={28--48},
  year={2018},
  publisher={SAGE Publications Sage CA: Los Angeles, CA}
}

@article{swire2017role,
  title={The role of familiarity in correcting inaccurate information.},
  author={Swire, Briony and Ecker, Ullrich KH and Lewandowsky, Stephan},
  journal={Journal of experimental psychology: learning, memory, and cognition},
  volume={43},
  number={12},
  pages={1948},
  year={2017},
  publisher={American Psychological Association}
}

@book{fennis2015psychology,
  title={The psychology of advertising},
  author={Fennis, Bob M and Stroebe, Wolfgang},
  year={2015},
  publisher={Psychology Press}
}

@article{venkatesh2003user,
  title={User acceptance of information technology: Toward a unified view},
  author={Venkatesh, Viswanath and Morris, Michael G and Davis, Gordon B and Davis, Fred D},
  journal={MIS quarterly},
  pages={425--478},
  year={2003},
  publisher={JSTOR}
}